<?xml version="1.0" encoding="UTF-8"?><collection xmlns="http://www.loc.gov/MARC21/slim"><record><leader>00368nam--2200121-i-4500</leader><controlfield tag="001">000007616</controlfield><controlfield tag="002">20161230</controlfield><controlfield tag="005">20161230201027</controlfield><controlfield tag="008">060222s1000------------r-----000-0-eng-d</controlfield><datafield ind1=" " ind2=" " tag="080"><subfield code="a">061.62(047:540):621.039(047:540)</subfield></datafield><datafield ind1=" " ind2=" " tag="245"><subfield code="a">Annual report of the department of atomic energy government of india</subfield></datafield><datafield ind1=" " ind2=" " tag="260"><subfield code="a">Bombay, Department Of Atomic Energy, 1965-1966</subfield></datafield><datafield ind1=" " ind2=" " tag="852"><subfield code="a">23854</subfield></datafield></record></collection>